2131 3276
738 663 1297 730 PRAEFATIO.

299 876 628 939 Praeparationi
672 877 960 937 Congressus
999 875 1257 921 universalis
1302 875 1713 937 Ornithologorum
1757 893 1826 922 se-

197 960 332 1006 cundi
361 959 530 1005 intenta
568 958 830 1005 commissio
871 958 1139 1019 Hungarica
1184 958 1291 1019 1891
1327 957 1401 1004 die
1436 960 1487 1003 16
1513 958 1708 1005 „Ianuarii
1734 975 1829 1004 ser-

194 1054 296 1088 vata
321 1042 526 1088 sessione
552 1041 679 1087 dedit
704 1041 811 1086 mihi
839 1041 880 1086 in
909 1041 1190 1087 mandatum:
1232 1040 1485 1102 Catalogmn
1516 1041 1827 1104 si’ste’172titz'czc11z

194 1124 344 1170 Auium
389 1123 629 1185 I-lzmgaria’
670 1124 819 1185 lingua
857 1123 991 1170 latina
1028 1122 1365 1179 conscribendi,
1407 1122 1481 1183 qui
1519 1123 1655 1169 sociis
1700 1123 1827 1169 huius

196 1209 487 1268 Congressus
516 1223 598 1268 pro
625 1207 748 1253 dono
775 1223 977 1268 perenne
1003 1208 1163 1252 valeat.

291 1290 359 1335 Ad
389 1289 636 1335 finiendum
666 1290 754 1335 hoc
781 1306 869 1335 non
897 1288 1018 1351 parvi
1051 1288 1216 1334 laboris
1253 1305 1368 1351 opus
1404 1289 1650 1336 admodum
1688 1292 1823 1336 breve

197 1370 300 1416 mihi
328 1382 424 1417 erat
449 1382 653 1433 tempus;
683 1370 970 1416 nihilominus
995 1370 1202 1417 decrevi:
1231 1387 1380 1417 veram
1409 1370 1648 1432 imaginem
1677 1371 1823 1418 faunae

194 1454 351 1500 Avium
384 1454 637 1515 Hungariae
658 1453 782 1510 dare,
812 1470 899 1498 non
921 1455 1063 1499 solum
1086 1453 1336 1499 secundum
1358 1454 1636 1515 exemplaria
1659 1454 1823 1500 Musaei

196 1536 450 1582 Nationalis
481 1536 749 1597 l-lungarici,
776 1537 856 1583 sed
884 1535 1021 1581 etiam
1051 1535 1135 1588 illa,
1159 1552 1263 1597 quae
1285 1535 1325 1580 in
1347 1535 1443 1581 aliis
1468 1535 1823 1582 collectionibus

193 1620 509 1666 custodiuntur
533 1632 577 1665 et
603 1636 627 1665 a
655 1619 755 1665 viris
782 1619 908 1665 huius
933 1618 1137 1665 amabilis
1163 1619 1367 1665 scientiae
1397 1619 1584 1665 eruditis
1609 1619 1825 1665 determi-

193 1713 292 1748 nata
330 1703 398 1748 vel
425 1702 481 1748 ad
507 1702 843 1764 expositionem
872 1704 961 1748 hoc
999 1714 1208 1764 tempore
1244 1715 1465 1748 servatam
1492 1719 1517 1748 e
1553 1702 1682 1748 variis
1708 1703 1823 1749 locis

193 1784 323 1829 nobis
348 1784 605 1830 transmissa
626 1785 823 1837 fuerant:
846 1802 871 1831 e
893 1784 1149 1831 contrario:
1170 1783 1351 1846 species
1373 1784 1482 1839 illas
1504 1802 1608 1847 quae
1630 1785 1670 1830 in
1691 1785 1821 1831 variis

196 1866 412 1927 operibus
444 1866 725 1927 Hungariam
748 1866 881 1912 etiam
911 1866 1185 1913 inhabitasse
1221 1867 1508 1922 affirmantur,
1542 1867 1600 1913 de
1633 1883 1823 1928 quarum

189 1960 337 1994 tamen
367 1949 705 2010 exemplaribus
730 1949 1048 2011 superstitibus
1073 1951 1143 1995 vel
1171 1950 1254 1996 iam
1278 1967 1366 1996 non
1387 1950 1684 1996 existentibus
1706 1949 1823 1996 noti-

191 2030 294 2077 tiam
322 2031 565 2077 certiorem
595 2048 682 2077 non
721 2032 939 2078 habemus
964 2033 1035 2077 vel
1074 2031 1178 2076 mihi
1215 2049 1271 2077 ex
1309 2043 1435 2094 parte
1473 2031 1680 2078 dubiosae
1717 2047 1821 2077 esse-

190 2114 476 2171 videbantur‚
503 2126 673 2160 tantum
704 2115 743 2160 in
770 2116 1044 2177 Appendice
1071 2115 1327 2162 meminisse
1357 2115 1531 2178 optime
1556 2115 1696 2161 visum
1725 2114 1820 2160 fue-

190 2208 267 2242 rat.
294 2198 358 2242 Ut
378 2213 487 2242 vero
515 2213 602 2242 non
636 2208 805 2243 tantum
846 2197 1026 2243 nomina
1063 2196 1219 2243 Avium
1256 2199 1353 2243 sola
1389 2197 1603 2253 adferam,
1642 2196 1815 2258 speciei

189 2278 329 2325 cuivis
373 2279 576 2325 notitiam
622 2280 802 2326 brevem
853 2280 1145 2342 biologicam,
1190 2297 1369 2338 annum,
1413 2280 1533 2327 dIem
1578 2292 1622 2326 et
1664 2282 1820 2326 locum

191 2360 461 2407 inventionis
486 2360 776 2423 virorumque
803 2379 828 2408 a
854 2362 1018 2424 quibus
1044 2363 1259 2419 oriuntur,
1287 2363 1529 2425 diligenter
1554 2362 1717 2408 adieci.

286 2445 330 2488 In
358 2445 615 2505 catalogum
645 2445 801 2490 Avium
834 2445 1085 2507 l-lungariae
1121 2446 1457 2508 systematicum
1496 2445 1695 2507 denique
1728 2459 1814 2507 32}

185 2526 366 2587 species
403 2526 614 2579 assumsi;
655 2527 748 2573 fieri
793 2528 952 2589 potuit,
1000 2541 1042 2574 ut
1081 2528 1283 2575 officium
1322 2546 1469 2575 meum
1508 2528 1713 2575 criticum
1740 2543 1812 2573 se-

185 2624 291 2653 vere
338 2607 416 2653 sim
457 2620 690 2666 executus,
730 2610 810 2655 sed
849 2609 964 2655 ratio
1013 2627 1085 2656 me
1132 2611 1187 2657 ad
1225 2610 1457 2657 veritatem
1509 2609 1814 2656 incertitudini

189 2691 546 2751 praeponendam
575 2692 816 2754 persvasit;
857 2693 963 2754 quia
988 2694 1020 2739 si
1050 2711 1136 2740 una
1172 2696 1369 2740 alterave
1405 2693 1586 2755 species
1627 2694 1814 2753 l-lunga-

188 2770 294 2816 riam
323 2789 370 2817 re
395 2789 499 2818 vera
527 2773 812 2826 inhabitaret,
841 2775 956 2821 illam
986 2778 1199 2837 catalogo
1238 2776 1500 2831 inscribere,
1539 2792 1671 2837 quam
1710 2776 1812 2821 data

188 2853 296 2898 salsa
322 2855 391 2899 vel
419 2855 611 2902 dubiosa
637 2873 662 2902 e
689 2857 914 2904 literatura
941 2858 1187 2909 eliminare,
1219 2859 1392 2904 facilius
1418 2859 1514 2904 erit.

1654 2969 1670 2986 j
