2131 3276
380 207 448 232 110

461 319 576 356 Com.
603 319 757 370 Szepes.
786 319 931 368 Georg.
962 318 1116 355 Rainer.
1145 328 1186 354 M.
1215 329 1251 354 H.
1277 316 1410 368 2cxpl.

466 384 678 434 Hungaria.
707 395 748 421 M.
776 395 813 420 H.
837 381 926 434 pull.

516 460 628 498 Ova:
665 460 767 509 Baja,
796 458 910 496 Corn.
952 457 1062 500 Bacs,
1095 457 1204 505 1870.
1246 468 1277 493 2.
1318 456 1429 496 Jun.:
1456 456 1736 507 Nagy-Rocze,
1767 455 1880 492 Com.
1908 454 1991 492 Go-

460 530 552 564 mor.
580 525 688 573 1870.
715 536 770 568 3¹-
795 523 890 573 Maj.
914 523 985 559 Dr.
1005 521 1112 559 Alex.
1141 522 1323 572 Lovassy2
1348 521 1461 559 Com.
1489 520 1658 572 Zolyom.
1679 520 1810 572 Steph.
1836 519 1991 556 Rokosz

461 599 496 627 et
518 590 626 627 Joan.
656 589 842 628 Grineus:
868 589 1045 637 Hungar.
1078 588 1206 624 Emer.
1233 585 1364 636 Szalay
1386 594 1422 623 ct
1444 585 1564 623 Geiza
1588 585 1771 636 Kubinyi.
1800 595 1841 621 M.
1871 596 1906 620 H.

644 842 883 908 ORDO
938 840 1062 904 IV.
1105 837 1409 904 COLU
1434 839 1510 902 M
1537 839 1705 901 ssAE.

798 1013 926 1067 lim.
960 1014 994 1067 1.
1028 1012 1498 1067 COLUMBIDAE.

797 1159 925 1203 Gizx.
948 1158 1140 1202 XXVII.
1169 1157 1496 1202 COLUMBA
1526 1156 1571 1200 L.

368 1293 577 1347 &186
599 1304 913 1345 COLUMBA
942 1303 1124 1344 OENAs
1154 1289 1199 1342 L.

496 1378 772 1421 Praemature
793 1374 987 1427 advenit,
1012 1374 1051 1419 in
1075 1373 1326 1435 agminibus
1348 1372 1591 1418 minoribus
1613 1371 1694 1428 jam
1718 1371 1838 1417 circa
1859 1371 1991 1416 finem

410 1452 655 1507 Februarii,
697 1451 937 1511 majoribus
975 1451 1100 1496 initio
1145 1449 1323 1499 Martii:
1375 1449 1415 1494 in
1454 1448 1714 1509 regionibus
1750 1446 1993 1509 superiori-

413 1530 493 1574 bus
520 1528 643 1590 regni
673 1528 711 1573 in
740 1527 969 1589 quercetis
995 1538 1040 1573 et
1067 1527 1107 1571 in
1138 1527 1261 1587 Fago
1288 1525 1489 1571 silvatica
1525 1524 1856 1571 abundantibus
1882 1523 1994 1568 nidi-

408 1606 534 1659 ficat;
565 1605 651 1650 fine
682 1603 790 1662 Maii
817 1615 861 1649 et
890 1603 1015 1649 initio
1040 1602 1157 1648 Junii
1181 1602 1364 1662 juvenes
1391 1614 1516 1663 prata
1536 1612 1580 1647 ct
1605 1616 1738 1661 agros
1766 1600 1991 1649 incolunt;
2038 1621 2040 1623 >

406 1681 655 1727 occasione
671 1679 1032 1726 transmeationis
1051 1679 1317 1725 autumnalis
1337 1694 1495 1724 omnes
1521 1677 1768 1737 Hungariae
1785 1676 1994 1735 regiones

412 1757 600 1806 visitant.
631 1756 876 1819 praesertim
903 1773 1012 1801 vero
1037 1772 1170 1816 agros
1198 1754 1510 1800 frumentarios
1534 1753 1767 1814 gregatim,
1799 1752 1869 1798 ubi
1897 1752 1994 1797 diu—

408 1833 492 1879 tius
518 1845 878 1881 commorantur:
908 1848 1228 1894 nonnunquam
1250 1831 1383 1877 etiarn
1406 1830 1516 1875 dura
1537 1829 1698 1883 hieme,
1721 1845 1855 1890 quum
1878 1840 1994 1873 terra

407 1928 493 1956 non
532 1911 619 1956 alta
656 1909 755 1956 nive
793 1922 915 1955 tecta
951 1921 1032 1965 est,
1073 1908 1145 1954 hic
1183 1919 1376 1959 manent,
1417 1906 1479 1952 sic
1516 1922 1635 1952 anno
1681 1906 1810 1961 1823.
1841 1920 1993 1950 mense

411 1986 659 2032 Decembri
689 1985 727 2031 in
755 1985 870 2031 areis
896 1986 952 2031 ad
980 1985 1151 2047 praedia
1189 2000 1330 2046 penes
1367 1983 1712 2032 Be'kes-Csaba,
1741 1982 1875 2026 Com.
1906 1981 1993 2025 Βό-

407 2064 499 2117 kes,
529 2063 650 2109 circa
671 2079 862 2108 acervos
891 2061 1000 2107 foeni
1022 2074 1067 2107 et
1087 2060 1316 2107 stramenti
1339 2058 1598 2105 catervatim
1627 2057 1990 2119 reperiebantur;

405 2156 522 2185 anno
559 2140 686 2198 1824.
718 2138 945 2183 mensibus
968 2136 1167 2183 Octobri
1195 2148 1239 2182 et
1268 2135 1518 2181 Novembri
1547 2134 1739 2195 copiose
1766 2133 1805 2178 in
1834 2132 1994 2178 Comi-

406 2216 567 2262 tatibus
591 2215 709 2260 Arad
748 2226 793 2260 et
831 2215 998 2264 Bekes,
1036 2230 1154 2259 anno
1191 2214 1319 2272 1834.
1355 2228 1509 2258 mense
1549 2210 1747 2256 Octobri
1788 2210 1827 2254 in
1854 2208 1993 2254 vincis

406 2293 459 2338 ad
489 2292 626 2342 Ercsi,
655 2293 789 2337 Com.
821 2292 982 2345 Fcher,
1009 2307 1127 2336 anno
1164 2290 1293 2350 1837.
1316 2288 1389 2334 die
1415 2287 1611 2333 „Ianuarii
1638 2287 1693 2333 ad
1722 2284 1993 2347 Budapcsti-

410 2385 510 2413 num
538 2368 646 2414 visae
671 2380 796 2423 sunt;
836 2383 954 2413 anno
1001 2367 1130 2426 1838.
1170 2366 1260 2411 acri
1300 2365 1448 2410 hicme
1485 2364 1566 2410 etsi
1605 2363 1755 2409 omnia
1782 2362 1880 2407 nive
1907 2362 1993 2407 alta

406 2446 607 2491 obducta
633 2456 774 2494 crant,
799 2444 884 2505 jam
912 2443 1033 2489 circa
1062 2443 1193 2488 finem
1226 2441 1454 2488 Februarii
1483 2440 1773 2486 advenerant.
1807 2440 1992 2497 l-lunga-

407 2521 512 2567 riam
541 2521 795 2582 relinquere
821 2520 1074 2582 cupientes,
1100 2518 1184 2579 jam
1214 2535 1369 2564 mense
1397 2517 1649 2563 Novembri
1677 2516 1844 2562 abiunt.

466 2609 558 2649 Rea,
588 2607 702 2645 Com.
733 2607 916 2658 l-lunyad,
951 2607 1058 2653 1800.
1087 2606 1178 2643 Oct.
1209 2606 1280 2642 Dr.
1309 2605 1384 2642 dul.
1415 2604 1631 2642 Madarasz.
1661 2614 1702 2640 Μ.
1731 2609 1818 2643 HJJ·

466 2673 636 2715 Koncza,
665 2671 779 2709 Com.
804 2670 1057 2712 Also-Feher,
1090 2671 1199 2716 1804.
1236 2681 1288 2707 12.
1315 2671 1405 2720 Apr.
1433 2669 1542 2706 Joan.
1572 2667 1704 2705 Csato.
1723 2673 1756 2708 0⁷·

468 2736 604 2780 Peteri,
633 2736 747 2773 Com.
779 2737 878 2777 Pest,
913 2737 1020 2784 1827.
1056 2747 1110 2780 ¹3·
1139 2734 1230 2772 Oct.
1258 2733 1331 2771 Sal.
1364 2732 1534 2784 Petenyi.
1564 2743 1604 2769 M.
1634 2744 1669 2769 H.
1692 2734 1715 2780 (ΤΡ

468 2802 560 2843 Rea,
589 2800 702 2838 Com.
733 2800 917 2851 Hunyad,
953 2800 1059 2848 1890.
1087 2798 1178 2836 Oct.
1210 2798 1280 2835 Dr.
1307 2797 1381 2834 Jul.
1412 2796 1630 2834 Madarasz.
1650 2795 1727 2846 jzw.

464 2864 743 2915 Szombathely‚
773 2864 887 2901 Com.
915 2864 1069 2915 Szepes,
1104 2864 1212 2909 1843.
1245 2875 1273 2908 ζ.
1313 2863 1397 2899 Jan.
1426 2862 1571 2911 Georg.
1602 2861 1755 2898 Rainer.
1785 2871 1826 2896 M.
1854 2871 1890 2896 H.
1913 2857 1987 2905 [ιη’.

463 2929 664 2967 Czinkota.
694 2928 807 2965 Com.
840 2929 939 2967 pest.
975 2929 1081 2973 1833.
1112 2928 1228 2964 Mart.
1255 2926 1327 2964 Sal.
1359 2925 1529 2977 Petenyi.
